<?xml version="1.0" encoding="UTF-8"?><collection xmlns="http://www.loc.gov/MARC21/slim"><record><leader>00307nam--2200121-i-4500</leader><controlfield tag="001">000029249</controlfield><controlfield tag="002">20161230</controlfield><controlfield tag="005">20161230201037</controlfield><controlfield tag="008">060222s1000------------r-----000-0-eng-d</controlfield><datafield ind1=" " ind2=" " tag="100"><subfield code="a">Kunin, Robert</subfield></datafield><datafield ind1=" " ind2=" " tag="245"><subfield code="a">Ion exchange resins. 2-nd edition</subfield></datafield><datafield ind1=" " ind2=" " tag="260"><subfield code="a">New York, John Wiley, 1958. Xiii + 466p</subfield></datafield><datafield ind1=" " ind2=" " tag="852"><subfield code="a">13776</subfield></datafield></record></collection>